<record><leader>00000cas a22000007a 4500</leader><controlfield tag="001">23043824</controlfield><controlfield tag="008">910201d19351935mouir ne      0    0eng d</controlfield><datafield ind1=" " ind2=" " tag="010"><subfield code="a">sn 93060292 </subfield></datafield><datafield ind1=" " ind2=" " tag="040"><subfield code="a">NDD</subfield><subfield code="b">eng</subfield><subfield code="c">NDD</subfield><subfield code="d">MQN</subfield><subfield code="d">OCLCQ</subfield></datafield><datafield ind1=" " ind2=" " tag="043"><subfield code="a">n-us-mo</subfield></datafield><datafield ind1="0" ind2="0" tag="245"><subfield code="a">Gas house worker.</subfield></datafield><datafield ind1="3" ind2="0" tag="246"><subfield code="a">Daily Strike bulletin gas house worker</subfield></datafield><datafield ind1=" " ind2=" " tag="260"><subfield code="a">[St. Louis, Mo.] :</subfield><subfield code="b">Local 18799, Gas House Workers' Union,</subfield><subfield code="c">1935.</subfield></datafield><datafield ind1=" " ind2=" " tag="300"><subfield code="a">v.</subfield></datafield><datafield ind1=" " ind2=" " tag="310"><subfield code="a">Triweekly,</subfield><subfield code="b">June 19, 1935-July 16, 1935</subfield></datafield><datafield ind1=" " ind2=" " tag="321"><subfield code="a">Daily,</subfield><subfield code="b">&lt;Mar. 29, 1935&gt;-June 18, 1935</subfield></datafield><datafield ind1="0" ind2=" " tag="362"><subfield code="a">Vol. 1, no. 1 ([Mar. 29, 1935])-v. 1, no. 82 (July 16, 1935).</subfield></datafield><datafield ind1=" " ind2=" " tag="500"><subfield code="a">Published as: Strike bulletin gas house worker June 19, 1935-July 16, 1935.</subfield></datafield><datafield ind1="2" ind2="0" tag="610"><subfield code="a">Gas House Workers' Union.</subfield><subfield code="b">Local 18799 (St. Louis, Mo.)</subfield><subfield code="v">Newspapers.</subfield></datafield><datafield ind1=" " ind2="0" tag="650"><subfield code="a">Strikes and lockouts</subfield><subfield code="x">Gas companies</subfield><subfield code="z">Missouri</subfield><subfield code="z">Saint Louis</subfield><subfield code="v">Newspapers.</subfield></datafield><datafield ind1="2" ind2=" " tag="710"><subfield code="a">Gas House Workers' Union.</subfield><subfield code="b">Local 18799 (St. Louis, Mo.)</subfield></datafield><datafield ind1=" " ind2=" " tag="752"><subfield code="a">United States</subfield><subfield code="b">Missouri</subfield><subfield code="d">Saint Louis.</subfield></datafield></record>